<?xml version="1.0" encoding="UTF-8"?><collection xmlns="http://www.loc.gov/MARC21/slim"><record><leader>00504nam--2200169-i-4500</leader><controlfield tag="001">000022343</controlfield><controlfield tag="002">20161230</controlfield><controlfield tag="005">20161230201034</controlfield><controlfield tag="008">060222s1000------------r-----000-0-eng-d</controlfield><datafield ind1=" " ind2=" " tag="040"><subfield code="a">IFIN-HH</subfield></datafield><datafield ind1=" " ind2=" " tag="080"><subfield code="a">539.17</subfield></datafield><datafield ind1="1" ind2=" " tag="100"><subfield code="a">Mani, G.S</subfield></datafield><datafield ind1="1" ind2="0" tag="245"><subfield code="a">Nuclear reactions: resoance theory part i. resonance mechanism</subfield><subfield code="b">International course on nuclear physics 3 october 16 december 1966</subfield><subfield code="c">G.s. mani</subfield></datafield><datafield ind1=" " ind2=" " tag="260"><subfield code="a">Tieste</subfield><subfield code="b">Iaea</subfield><subfield code="c">1966</subfield></datafield><datafield ind1=" " ind2=" " tag="300"><subfield code="a">273P</subfield></datafield><datafield ind1=" " ind2=" " tag="852"><subfield code="a">25211</subfield><subfield code="c">539.17</subfield></datafield><datafield ind1=" " ind2=" " tag="CAT"><subfield code="a">Sys</subfield><subfield code="c">20120530</subfield><subfield code="h">170212</subfield></datafield></record></collection>